@inproceedings{de2017playtesting,
  title={AI-based Playtesting of Contemporary Board Games},
  author={de Mesentier Silva, Fernando and Lee, Scott and Togelius, Julian and Nealen, Andy},
  booktitle={Proceedings of the 12th International Conference on the Foundations of Digital Games},
  pages={13},
  year={2017},
  organization={ACM}
}
@inproceedings{de2018evolving,
  title={Evolving Maps and Decks for Ticket to Ride},
  author={de Mesentier Silva, Fernando and Lee, Scott and Togelius, Julian and Nealen, Andy},
  booktitle={Proceedings of the 13th International Conference on the Foundations of Digital Games},
  pages={48},
  year={2018},
  organization={ACM}
}
@inproceedings{de2017evaluator,
  title={AI as Evaluator: Search Driven Playtesting of Modern Board Games.},
  author={de Mesentier Silva, Fernando and Lee, Scott and Togelius, Julian and Nealen, Andy},
  booktitle={AAAI Workshops},
  year={2017}
}
@inproceedings{eriksson2005enhancing,
  title={Enhancing Board Games with Electronics},
  author={Eriksson, Daniel and Peitz, Johan and Bj{\"o}rk, Staffan},
  booktitle={Proceedings of the 2nd International Workshop on Pervasive Games},
  year={2005}
}
@inproceedings{drake2011teaching,
  title={Teaching Introductory Programming with Popular Board Games},
  author={Drake, Peter and Sung, Kelvin},
  booktitle={Proceedings of the 42nd ACM Technical Symposium on Computer Science Education},
  pages={619--624},
  year={2011},
  organization={ACM}
}
@article{ellens2011effective,
  title={Effective Graph Resistance},
  author={Ellens, Wendy and Spieksma, FM and Van Mieghem, P and Jamakovic, A and Kooij, RE},
  journal={Linear Algebra and its Applications},
  volume={435},
  number={10},
  pages={2491--2506},
  year={2011},
  publisher={Elsevier}
}
@article{wu2004theory,
  title={Theory of Resistor Networks: the Two-point Resistance},
  author={Wu, Fa-Yueh},
  journal={Journal of Physics A: Mathematical and General},
  volume={37},
  number={26},
  pages={6653},
  year={2004},
  publisher={IOP Publishing}
}
@article{freeman1977set,
  title={A set of Measures of Centrality Based on Betweenness},
  author={Freeman, Linton C},
  journal={Sociometry},
  pages={35--41},
  year={1977},
  publisher={JSTOR}
}
@article{lim2007taking,
  title={Taking Students out for a Ride: Using a Board Game to Teach Graph Theory},
  author={Lim, Darren},
  journal={ACM SIGCSE Bulletin},
  volume={39},
  number={1},
  pages={367--371},
  year={2007},
  publisher={ACM}
}
@article{abbott1997take,
  title={Take a Walk on the Boardwalk},
  author={Abbott, Stephen D and Richey, Matt},
  journal={The College Mathematics Journal},
  volume={28},
  number={3},
  pages={162--171},
  year={1997},
  publisher={Taylor \& Francis}
}
@article{cornelius1986historical,
  title={An Historical Background to Some Mathematical Games},
  author={Cornelius, Michael},
  journal={Mathematics in School},
  volume={15},
  number={1},
  pages={47--49},
  year={1986},
  publisher={JSTOR}
}
@article{lyford2019using,
  title={Using Camels to Teach Probability and Expected Value},
  author={Lyford, Alexander and Rahr, Thomas and Chen, Tina and Kovach, Benjamin},
  journal={Teaching Statistics},
  volume={41},
  number={1},
  pages={18--24},
  year={2019},
  publisher={Wiley Online Library}
}
@article{moon2004ticket,
  title={Ticket to Ride. [Board Game]},
  author={Moon, A},
  journal={Days of Wonder: Los Altos, CA},
  year={2004}
}
@article{magie1935,
  title={Monopoly. [Board Game]},
  author={Magie, Lizzie and Darrow, Charles},
  journal={Hasbro: Pawtucket, RI},
  year={1935}
}
@article{bogen2014,
  title={Camel Up. [Board Game]},
  author={Steffen Bogen},
  journal={Pegasus Spiele: Friedberg, Germany},
  year={2014}
}
@article{chvatil2015,
  title={Codenames. [Board Game]},
  author={Vlaada Chvátil},
  journal={Czech Games: Czech Republic},
  year={2015}
}
@inproceedings{chang2008learning,
  title={Learning Kruskal’s Algorithm, Prim’s Algorithm and Dijkstra’s Algorithm by Board Game},
  author={Chang, Wen-Chih and Chiu, Yan-Da and Li, Mao-Fan},
  booktitle={International Conference on Web-based Learning},
  pages={275--284},
  year={2008},
  organization={Springer}
}
@inproceedings{newn2017evaluating,
  title={Evaluating Real-time Gaze Representations to Infer Intentions in Competitive Turn-based Strategy Games},
  author={Newn, Joshua and Velloso, Eduardo and Allison, Fraser and Abdelrahman, Yomna and Vetere, Frank},
  booktitle={Proceedings of the Annual Symposium on Computer-Human Interaction in Play},
  pages={541--552},
  year={2017},
  organization={ACM}
}
@misc{witter2019,
    author       = {R. Teal Witter},
    title        = {Ticket to Ride Engine},
    year         = 2019,
    doi          = {10.5281/zenodo.3544888},
    version      = {1.0},
    publisher    = {Zenodo},
    url          = {https://doi.org/10.5281/zenodo.3544888}
}
@misc{silva2019,
    author       = {Fernando de Silva},
    title        = {Ticket to Ride Engine},
    year         = 2019,
    version      = {1.0},
    publisher    = {GitHub}
}